@INPROCEEDINGS{castroHoover,
	author = {Alfredo A. Villalba Castro and Giovanna Di Marzo Serugendo and Dimitri Konstantas},
	title = {Hovering Information - Infrastructure-Free Self-Organising Location-Aware Information Dissemination Service},
	booktitle = {2nd ERCIM Workshop on eMobility},
	year = {2008},
	otherinfo = {}
}

