@INPROCEEDINGS{OEOP,
	author = {Olivier Boissier and Rafael H. Bordini and Jomi F. HÃ¼bner and Alessandro Ricci},
	title = {Organisation and Environment Oriented Programming},
	booktitle = {13th European Agent Systems Summer School},
	year = {2011},
	month = {July},
}

@MISC{cartago,
	author = {Alessandro Ricci and Andrea Santi and Michele Piunti and Mirko
		Viroli and Andrea Omicini and Marco Guidi and Mattia Minotti},
	title = {CArtAgo Website},
	howpublished = "\url{http://cartago.sourceforge.net/}",
}

@ARTICLE{epmas,
	author = {Alessandro Ricci and Michele Piunti and Mirko Viroli},
	title = {Environment programming in multi-agent systems: and artifact-based perspective},
	journal = {Autonomous Agents and Multi-Agent Systems},
	year = {2011},
	volume = {23},
	number = {2},
	pages = {158-192},
	month = {September},
}

@MANUAL{cartex,
	title = {CArtAgO By Example},
	organization = {DEIS, Universit`a di Bologna, Italy},
	author = {Alessandro Ricci, Andrea Santi},
	edition = {2.0.1},
	month = {October},
	year = {2010},
}

@MISC{jaslide,
	author = {John Wiley \& Sons},
	title = {Programming Multi-Agent Systems in
	AgentSpeak Using Jason},
	year = {2007},
	month = {October},
	howpublished = "\url{http://jason.sf.net/jBook/}"
}

